@article{alonso2010mathematical,
  title={Mathematical Optimization in Air Traffic Management.},
  author={Alonso-Ayuso, A},
  journal={Bolet{\'\i}n de Estad{\'\i}stica e Investigaci{\'o}n Operativa. BEIO},
  volume={26},
  number={1},
  pages={25--41},
  year={2010}
}

@article{suykens1999least,
  title={Least squares support vector machine classifiers},
  author={Suykens, Johan AK and Vandewalle, Joos},
  journal={Neural processing letters},
  volume={9},
  number={3},
  pages={293--300},
  year={1999},
  publisher={Springer}
}

@article{bengio2004no,
  title={No unbiased estimator of the variance of k-fold cross-validation},
  author={Bengio, Yoshua and Grandvalet, Yves},
  journal={Journal of machine learning research},
  volume={5},
  number={Sep},
  pages={1089--1105},
  year={2004}
}